@article{adam2024agent,
	title={Agent-based epidemics simulation to compare and explain screening and vaccination prioritization strategies},
	author={Adam, Carole and Arduin, H{\'e}l{\`e}ne},
	journal={Simulation},
	volume={100},
	number={4},
	pages={335--355},
	year={2024},
	publisher={SAGE Publications Sage UK: London, England}
}